<?xml version="1.0" encoding="UTF-8"?><collection xmlns="http://www.loc.gov/MARC21/slim"><record><leader>00341nam--2200121-i-4500</leader><controlfield tag="001">000016294</controlfield><controlfield tag="002">20161230</controlfield><controlfield tag="005">20161230201031</controlfield><controlfield tag="008">060222s1000------------r-----000-0-eng-d</controlfield><datafield ind1=" " ind2=" " tag="100"><subfield code="a">Tcheng,Yuan</subfield></datafield><datafield ind1=" " ind2=" " tag="245"><subfield code="a">Pouvoir portent d`un solide compose de deux couches plastiques differences.these</subfield></datafield><datafield ind1=" " ind2=" " tag="260"><subfield code="a">Paris,Universite,1956. 108 P</subfield></datafield><datafield ind1=" " ind2=" " tag="852"><subfield code="a">77951</subfield></datafield></record></collection>